<record><leader>00000cas a22000007a 4500</leader><controlfield tag="001">12953230</controlfield><controlfield tag="008">851224d18201821nyuwr ne      0    0eng d</controlfield><datafield ind1=" " ind2=" " tag="010"><subfield code="a">sn 85027078 </subfield></datafield><datafield ind1=" " ind2=" " tag="040"><subfield code="a">NPX</subfield><subfield code="b">eng</subfield><subfield code="c">NPX</subfield><subfield code="d">NYS</subfield><subfield code="d">OCL</subfield><subfield code="d">OCLCQ</subfield><subfield code="d">OCLCF</subfield><subfield code="d">OCLCO</subfield></datafield><datafield ind1="1" ind2=" " tag="029"><subfield code="a">AU@</subfield><subfield code="b">000020124926</subfield></datafield><datafield ind1=" " ind2=" " tag="042"><subfield code="a">msc</subfield></datafield><datafield ind1=" " ind2=" " tag="043"><subfield code="a">n-us-ny</subfield></datafield><datafield ind1="0" ind2=" " tag="130"><subfield code="a">Sacket's-Harbor gazette (Sackets Harbor, N.Y. : 1820)</subfield></datafield><datafield ind1="1" ind2="4" tag="245"><subfield code="a">The Sacket's-Harbor gazette.</subfield></datafield><datafield ind1=" " ind2=" " tag="260"><subfield code="a">Sacket's-Harbor, N.Y. :</subfield><subfield code="b">Matthew M. Cole</subfield></datafield><datafield ind1=" " ind2=" " tag="300"><subfield code="a">v.</subfield></datafield><datafield ind1=" " ind2=" " tag="310"><subfield code="a">Weekly</subfield></datafield><datafield ind1="1" ind2=" " tag="362"><subfield code="a">Began in Feb. 1820.</subfield><subfield code="z">Cf. Brigham, C.S. Amer. newspapers.</subfield></datafield><datafield ind1="1" ind2=" " tag="362"><subfield code="a">Ceased in Feb. 1821.</subfield><subfield code="z">Cf. French, J.H. Gazetteer of the state of N.Y., 1860.</subfield></datafield><datafield ind1="4" ind2=" " tag="510"><subfield code="a">Brigham, C.S. Amer. newspapers,</subfield><subfield code="c">p. 729</subfield></datafield><datafield ind1=" " ind2=" " tag="588"><subfield code="a">Description based on: Vol. 4, no. 36 (Oct. 27, 1820).</subfield></datafield><datafield ind1=" " ind2="0" tag="651"><subfield code="a">Sackets Harbor (N.Y.)</subfield><subfield code="v">Newspapers.</subfield></datafield><datafield ind1=" " ind2="0" tag="651"><subfield code="a">Jefferson County (N.Y.)</subfield><subfield code="v">Newspapers.</subfield></datafield><datafield ind1=" " ind2="7" tag="655"><subfield code="a">Newspapers.</subfield><subfield code="2">fast</subfield><subfield code="0">(OCoLC)fst01423814</subfield></datafield><datafield ind1=" " ind2="7" tag="651"><subfield code="a">New York (State)</subfield><subfield code="z">Jefferson County.</subfield><subfield code="2">fast</subfield><subfield code="0">(OCoLC)fst01209430</subfield></datafield><datafield ind1=" " ind2="7" tag="651"><subfield code="a">New York (State)</subfield><subfield code="z">Sackets Harbor.</subfield><subfield code="2">fast</subfield><subfield code="0">(OCoLC)fst01225881</subfield></datafield><datafield ind1="1" ind2=" " tag="700"><subfield code="a">Cole, Matthew M.</subfield></datafield><datafield ind1=" " ind2=" " tag="752"><subfield code="a">United States</subfield><subfield code="b">New York</subfield><subfield code="c">Jefferson</subfield><subfield code="d">Sackets Harbor.</subfield></datafield><datafield ind1="0" ind2="0" tag="780"><subfield code="t">Sacket's-Harbor gazette &amp; advertiser</subfield><subfield code="w">(DLC)sn 84024305</subfield></datafield><datafield ind1="0" ind2="0" tag="785"><subfield code="t">Jefferson Republican (Sackets Harbor, N.Y.)</subfield><subfield code="w">(DLC)sn 85027079</subfield></datafield></record>